<record><leader>00000cas a22000007a 4500</leader><controlfield tag="001">28744495</controlfield><controlfield tag="008">930903d19171918caucr ne      0    0eng d</controlfield><datafield ind1=" " ind2=" " tag="010"><subfield code="a">sn 93053389 </subfield></datafield><datafield ind1=" " ind2=" " tag="040"><subfield code="a">CNK</subfield><subfield code="b">eng</subfield><subfield code="c">CNK</subfield><subfield code="d">OCLCQ</subfield></datafield><datafield ind1=" " ind2=" " tag="042"><subfield code="a">msc</subfield></datafield><datafield ind1="0" ind2="0" tag="245"><subfield code="a">Orange semi-weekly star.</subfield></datafield><datafield ind1="3" ind2="0" tag="246"><subfield code="a">Semi-weekly Orange star</subfield></datafield><datafield ind1=" " ind2=" " tag="260"><subfield code="a">Orange, Orange County, Calif. :</subfield><subfield code="b">Taylor &amp; Lovell</subfield></datafield><datafield ind1=" " ind2=" " tag="300"><subfield code="a">v.</subfield></datafield><datafield ind1=" " ind2=" " tag="310"><subfield code="a">Semiweekly</subfield></datafield><datafield ind1="0" ind2=" " tag="362"><subfield code="a">Vol. 32, no. 62 (Jan. 5, 1917)-</subfield></datafield><datafield ind1="1" ind2=" " tag="362"><subfield code="a">Ceased in 1918.</subfield></datafield><datafield ind1=" " ind2=" " tag="500"><subfield code="a">"Semi-weekly" appears above masthead ornament at center of title.</subfield></datafield><datafield ind1=" " ind2="4" tag="651"><subfield code="a">Orange (Calif.)</subfield><subfield code="v">Newspapers.</subfield></datafield><datafield ind1=" " ind2=" " tag="752"><subfield code="a">United States</subfield><subfield code="b">California</subfield><subfield code="c">Orange</subfield><subfield code="d">Orange.</subfield></datafield><datafield ind1="0" ind2="4" tag="780"><subfield code="t">Orange daily star</subfield></datafield><datafield ind1="0" ind2="4" tag="780"><subfield code="t">Orange weekly post (Orange, Calif. : 1916)</subfield><subfield code="w">(DLC)sn 93053388</subfield></datafield><datafield ind1="0" ind2="0" tag="785"><subfield code="t">Orange star</subfield><subfield code="w">(DLC)sn 93053390</subfield></datafield><datafield ind1="1" ind2=" " tag="029"><subfield code="a">AU@</subfield><subfield code="b">000025906938</subfield></datafield></record>